@article {BHMV,
    AUTHOR = {Blanchet, C. and Habegger, N. and Masbaum, G. and Vogel, P.},
     TITLE = {Topological quantum field theories derived from the {K}auffman
              bracket},
   JOURNAL = {Topology},
  FJOURNAL = {Topology. An International Journal of Mathematics},
    VOLUME = {34},
      YEAR = {1995},
    NUMBER = {4},
     PAGES = {883--927},
      ISSN = {0040-9383},
   MRCLASS = {57N10 (57M25 81T40)},
  MRNUMBER = {1362791},
MRREVIEWER = {Justin\ D.\ Roberts},
       DOI = {10.1016/0040-9383(94)00051-4},
       URL = {https://doi.org/10.1016/0040-9383(94)00051-4},
}

@article {Bul,
    AUTHOR = {Bullock, Doug},
     TITLE = {Rings of {${\rm SL}_2({\bf C})$}-characters and the {K}auffman
              bracket skein module},
   JOURNAL = {Comment. Math. Helv.},
  FJOURNAL = {Commentarii Mathematici Helvetici},
    VOLUME = {72},
      YEAR = {1997},
    NUMBER = {4},
     PAGES = {521--542},
      ISSN = {0010-2571,1420-8946},
   MRCLASS = {57M25 (57N10)},
  MRNUMBER = {1600138},
MRREVIEWER = {Thang\ T. Q. Le},
       DOI = {10.1007/s000140050032},
       URL = {https://doi.org/10.1007/s000140050032},
}


@book {PS,
    AUTHOR = {Prasolov, V. V. and Sossinsky, A. B.},
     TITLE = {Knots, links, braids and 3-manifolds},
    SERIES = {Translations of Mathematical Monographs},
    VOLUME = {154},
      NOTE = {An introduction to the new invariants in low-dimensional
              topology,
              Translated from the Russian manuscript by Sossinsky
              [Sosinski\u{\i}]},
 PUBLISHER = {American Mathematical Society, Providence, RI},
      YEAR = {1997},
     PAGES = {viii+239},
      ISBN = {0-8218-0588-6},
   MRCLASS = {57M25 (57M12 57N10)},
  MRNUMBER = {1414898},
MRREVIEWER = {Joanna\ Kania-Bartoszynska},
       DOI = {10.1090/mmono/154},
       URL = {https://doi.org/10.1090/mmono/154},
}

@book {Tur,
    AUTHOR = {Turaev, Vladimir G.},
     TITLE = {Quantum invariants of knots and 3-manifolds},
    SERIES = {De Gruyter Studies in Mathematics},
    VOLUME = {18},
   EDITION = {Third},
 PUBLISHER = {De Gruyter, Berlin},
      YEAR = {2016},
     PAGES = {xii+596},
      ISBN = {978-3-11-044266-3; 978-3-11-043522-1; 978-3-11-043456-9},
   MRCLASS = {57M27 (18D10 20C08 57-02 57R56 82B10)},
  MRNUMBER = {3617439},
       DOI = {10.1515/9783110435221},
       URL = {https://doi.org/10.1515/9783110435221},
}
